@article{ortoleva2012modeling,
  title={Modeling the change of paradigm: Non-Bayesian reactions to unexpected news},
  author={Ortoleva, Pietro},
  journal={American Economic Review},
  volume={102},
  number={6},
  pages={2410--36},
  year={2012}
}

@book{hogg2005introduction,
  title={Introduction to mathematical statistics},
  author={Hogg, Robert V and McKean, Joseph and Craig, Allen T},
  year={2005},
  publisher={Pearson Education}
}

@techreport{galperti2015hide,
  title={Hide or Surprise: Persuasion without Common-Support Priors},
  author={Galperti, Simone},
  year={2015},
  institution={mimeo}
}

@article{alonso2016bayesian,
  title={Bayesian persuasion with heterogeneous priors},
  author={Alonso, Ricardo and C{\^a}mara, Odilon},
  journal={Journal of Economic Theory},
  volume={165},
  pages={672--706},
  year={2016},
  publisher={Elsevier}
}