@article{kamenica2019bayesian,
  title={Bayesian persuasion and information design},
  author={Kamenica, Emir},
  journal={Annual Review of Economics},
  volume={11},
  pages={249--272},
  year={2019},
  publisher={Annual Reviews}
}

@book{thalernudge,
  title={Nudge: Improving decisions about health, wealth, and happiness},
  author={Thaler, Richard H and Sunstein, Cass R},
  year={2008},
  publisher={Yale University Press}
  }



@article{kamenica2012behavioral,
  title={Behavioral economics and psychology of incentives},
  author={Kamenica, Emir},
  journal={Annu. Rev. Econ.},
  volume={4},
  number={1},
  pages={427--452},
  year={2012},
  publisher={Annual Reviews}
}

@article{kamenica2011bayesian,
		title={Bayesian persuasion},
		author={Kamenica, Emir and Gentzkow, Matthew},
		journal={American Economic Review},
		volume={101},
		number={6},
		pages={2590--2615},
		year={2011}
	}


@article{bergemann2016bayesa,
  title={Bayes correlated equilibrium and the comparison of information structures in games},
  author={Bergemann, Dirk and Morris, Stephen},
  journal={Theoretical Economics},
  volume={11},
  number={2},
  pages={487--522},
  year={2016},
  publisher={Wiley Online Library}
}


@article{bergemann2016bayes,
  title={Bayes correlated equilibrium and the comparison of information structures in games},
  author={Bergemann, Dirk and Morris, Stephen},
  journal={Theoretical Economics},
  volume={11},
  number={2},
  pages={487--522},
  year={2016},
  publisher={Wiley Online Library}
}

@article{taneva2019information,
  title={Information design},
  author={Taneva, Ina},
  journal={American Economic Journal: Microeconomics},
  volume={11},
  number={4},
  pages={151--85},
  year={2019}
}

@article{li2017model,
  title={A model of Bayesian persuasion with transfers},
  author={Li, Cheng},
  journal={Economics Letters},
  volume={161},
  pages={93--95},
  year={2017},
  publisher={Elsevier}
}

@article{lewis1994supplying,
  title={Supplying information to facilitate price discrimination},
  author={Lewis, Tracy R and Sappington, David EM},
  journal={International Economic Review},
  pages={309--327},
  year={1994},
  publisher={JSTOR}
}


@article{crawford1982strategic,
  title={Strategic information transmission},
  author={Crawford, Vincent P and Sobel, Joel},
  journal={Econometrica: Journal of the Econometric Society},
  pages={1431--1451},
  year={1982},
  publisher={JSTOR}
}

@article{grossman1981informational,
  title={The informational role of warranties and private disclosure about product quality},
  author={Grossman, Sanford J},
  journal={The Journal of Law and Economics},
  volume={24},
  number={3},
  pages={461--483},
  year={1981},
  publisher={The University of Chicago Press}
}

@article{milgrom1981good,
  title={Good news and bad news: Representation theorems and applications},
  author={Milgrom, Paul R},
  journal={The Bell Journal of Economics},
  pages={380--391},
  year={1981},
  publisher={JSTOR}
}

@incollection{spence1978job,
  title={Job market signaling},
  author={Spence, Michael},
  booktitle={Uncertainty in economics},
  pages={281--306},
  year={1978},
  publisher={Elsevier}
}

@article{gentzkow2017disclosure,
  title={Disclosure of endogenous information},
  author={Gentzkow, Matthew and Kamenica, Emir},
  journal={Economic Theory Bulletin},
  volume={5},
  number={1},
  pages={47--56},
  year={2017},
  publisher={Springer}
}

@article{min2020bayesian,
  title={Bayesian persuasion under partial commitment},
  author={Min, Daehong},
  journal={Work. Pap., NYU},
  year={2020}
}

@article{bergemann2019markets,
  title={Markets for information: An introduction},
  author={Bergemann, Dirk and Bonatti, Alessandro},
  journal={Annual Review of Economics},
  volume={11},
  pages={85--107},
  year={2019},
  publisher={Annual Reviews}
}

@article{bergemann2018design,
  title={The design and price of information},
  author={Bergemann, Dirk and Bonatti, Alessandro and Smolin, Alex},
  journal={American economic review},
  volume={108},
  number={1},
  pages={1--48},
  year={2018}
}

@article{kastl2018selling,
  title={Selling information to competitive firms},
  author={Kastl, Jakub and Pagnozzi, Marco and Piccolo, Salvatore},
  journal={The RAND Journal of Economics},
  volume={49},
  number={1},
  pages={254--282},
  year={2018},
  publisher={Wiley Online Library}
}

@article{bergemann2013robust,
  title={Robust predictions in games with incomplete information},
  author={Bergemann, Dirk and Morris, Stephen},
  journal={Econometrica},
  volume={81},
  number={4},
  pages={1251--1308},
  year={2013},
  publisher={Wiley Online Library}
}

@article{bergemann2019information,
  title={Information design: A unified perspective},
  author={Bergemann, Dirk and Morris, Stephen},
  journal={Journal of Economic Literature},
  volume={57},
  number={1},
  pages={44--95},
  year={2019}
}

@article{goldstein2018stress,
  title={Stress tests and information disclosure},
  author={Goldstein, Itay and Leitner, Yaron},
  journal={Journal of Economic Theory},
  volume={177},
  pages={34--69},
  year={2018},
  publisher={Elsevier}
}

@article{ostrovsky2010information,
  title={Information disclosure and unraveling in matching markets},
  author={Ostrovsky, Michael and Schwarz, Michael},
  journal={American Economic Journal: Microeconomics},
  volume={2},
  number={2},
  pages={34--63},
  year={2010}
}

@article{romanyuk2019cream,
  title={Cream skimming and information design in matching markets},
  author={Romanyuk, Gleb and Smolin, Alex},
  journal={American Economic Journal: Microeconomics},
  volume={11},
  number={2},
  pages={250--76},
  year={2019}
}

@article{bergemann2015limits,
  title={The limits of price discrimination},
  author={Bergemann, Dirk and Brooks, Benjamin and Morris, Stephen},
  journal={American Economic Review},
  volume={105},
  number={3},
  pages={921--57},
  year={2015}
}

@article{lazear2006speeding,
  title={Speeding, terrorism, and teaching to the test},
  author={Lazear, Edward P},
  journal={The Quarterly Journal of Economics},
  volume={121},
  number={3},
  pages={1029--1061},
  year={2006},
  publisher={MIT Press}
}

@article{best2020persuasion,
  title={Persuasion for the long run},
  author={Best, James and Quigley, Daniel},
  journal={Available at SSRN 2908115},
  year={2020}
}

@article{chen2020learning,
  title={Learning by matching},
  author={Chen, Yi-Chun and Hu, Gaoji},
  journal={Theoretical Economics},
  volume={15},
  number={1},
  pages={29--56},
  year={2020},
  publisher={Wiley Online Library}
}

@article{frankel2014aligned,
  title={Aligned delegation},
  author={Frankel, Alexander},
  journal={American Economic Review},
  volume={104},
  number={1},
  pages={66--83},
  year={2014}
}

@book{aumann1995repeated,
  title={Repeated games with incomplete information},
  author={Aumann, Robert J and Maschler, Michael and Stearns, Richard E},
  year={1995},
  publisher={MIT press}
}

@article{aumann1966game,
  title={Game theoretic aspects of gradual disarmament},
  author={Aumann, Robert J and Maschler, Michael},
  journal={Report of the US Arms Control and Disarmament Agency},
  volume={80},
  pages={1--55},
  year={1966},
  publisher={Mathematica, Inc.}
}

@article{brocas2007influence,
  title={Influence through ignorance},
  author={Brocas, Isabelle and Carrillo, Juan D},
  journal={The RAND Journal of Economics},
  volume={38},
  number={4},
  pages={931--947},
  year={2007},
  publisher={Wiley Online Library}
}

@article{dughmi2017algorithmic,
  title={Algorithmic information structure design: a survey},
  author={Dughmi, Shaddin},
  journal={ACM SIGecom Exchanges},
  volume={15},
  number={2},
  pages={2--24},
  year={2017},
  publisher={ACM New York, NY, USA}
}

@article{koessler2021interactive,
  title={Interactive information design},
  author={Koessler, Fr{\'e}d{\'e}ric and Laclau, Marie and Tomala, Tristan},
  journal={Mathematics of Operations Research},
  year={2021},
  publisher={INFORMS}
}

@article{ely2017beeps,
  title={Beeps},
  author={Ely, Jeffrey C},
  journal={American Economic Review},
  volume={107},
  number={1},
  pages={31--53},
  year={2017}
}

@article{kolotilin2018optimal,
  title={Optimal information disclosure: A linear programming approach},
  author={Kolotilin, Anton},
  journal={Theoretical Economics},
  volume={13},
  number={2},
  pages={607--635},
  year={2018},
  publisher={Wiley Online Library}
}

@article{rayo2010optimal,
  title={Optimal information disclosure},
  author={Rayo, Luis and Segal, Ilya},
  journal={Journal of political Economy},
  volume={118},
  number={5},
  pages={949--987},
  year={2010},
  publisher={University of Chicago Press Chicago, IL}
}

@article{guo2019interval,
  title={The interval structure of optimal disclosure},
  author={Guo, Yingni and Shmaya, Eran},
  journal={Econometrica},
  volume={87},
  number={2},
  pages={653--675},
  year={2019},
  publisher={Wiley Online Library}
}

@article{kolotilin2017persuasion,
  title={Persuasion of a privately informed receiver},
  author={Kolotilin, Anton and Mylovanov, Tymofiy and Zapechelnyuk, Andriy and Li, Ming},
  journal={Econometrica},
  volume={85},
  number={6},
  pages={1949--1964},
  year={2017},
  publisher={Wiley Online Library}
}

@article{li2017discriminatory,
  title={Discriminatory information disclosure},
  author={Li, Hao and Shi, Xianwen},
  journal={American Economic Review},
  volume={107},
  number={11},
  pages={3363--85},
  year={2017}
}

@article{matyskova2018bayesian,
  title={Bayesian persuasion with costly information acquisition},
  author={Matyskova, Ludmila},
  journal={CERGE-EI Working Paper Series},
  number={614},
  year={2018}
}

@article{au2018bayesian,
  title={Bayesian persuasion and reciprocity: theory and experiment},
  author={Au, Pak Hung and Li, King King},
  journal={Available at SSRN 3191203},
  year={2018}
}

@article{tsakas2021resisting,
  title={Resisting persuasion},
  author={Tsakas, Elias and Tsakas, Nikolas and Xefteris, Dimitrios},
  journal={Economic Theory},
  pages={1--20},
  year={2021},
  publisher={Springer}
}

@article{alonso2016bayesian,
  title={Bayesian persuasion with heterogeneous priors},
  author={Alonso, Ricardo and C{\^a}mara, Odilon},
  journal={Journal of Economic Theory},
  volume={165},
  pages={672--706},
  year={2016},
  publisher={Elsevier}
}

@article{alonso2016persuading,
  title={Persuading voters},
  author={Alonso, Ricardo and C{\^a}mara, Odilon},
  journal={American Economic Review},
  volume={106},
  number={11},
  pages={3590--3605},
  year={2016}
}

@article{aumann1976agreeing,
  title={Agreeing to disagree},
  author={Aumann, Robert J},
  journal={The annals of statistics},
  volume={4},
  number={6},
  pages={1236--1239},
  year={1976},
  publisher={Institute of Mathematical Statistics}
}

@article{morris1994trade,
  title={Trade with heterogeneous prior beliefs and asymmetric information},
  author={Morris, Stephen},
  journal={Econometrica: Journal of the Econometric Society},
  pages={1327--1347},
  year={1994},
  publisher={JSTOR}
}

@article{morris1995common,
  title={The common prior assumption in economic theory},
  author={Morris, Stephen},
  journal={Economics \& Philosophy},
  volume={11},
  number={2},
  pages={227--253},
  year={1995},
  publisher={Cambridge University Press}
}